@misc
{pokerListings,
author={Poker Listings},
title={Poker Listings - le guide de poker all-in},
month={},
year={},
note={fr.pokerlistings.com}
}

@Article{ref,
author={Karl S. Brandt},
journal={},
title={Player Profiling in Texas Holdem},
year={2004},
month={},
pages={},
notes={}
}

@phdthesis
{probaiblitiesAndSimulationsInPoker,
title={Probabiblities and Simulations in Poker},
author={Maria de Lourdes Peña Castillo},
school={Université d'Alberta},
year={1999}
}


